
@article{li2022impact,
  title={The impact of mobile payment on household poverty vulnerability: A study based on CHFS2017 in China},
  author={Li, Yuhua and Gong, Xiheng and Zhang, Jingyi and Xiang, Ziwei and Liao, Chengjun},
  journal={International Journal of Environmental Research and Public Health},
  volume={19},
  number={21},
  pages={14001},
  year={2022},
  publisher={MDPI}
}

@article{omar2022predictors,
  title={Predictors of behavioral intention to adopt e-AgriFinance app among the farmers in Sarawak, Malaysia},
  author={Omar, Quistina and Yap, Ching Seng and Ho, Poh Ling and Keling, William},
  journal={British Food Journal},
  volume={124},
  number={1},
  pages={239--254},
  year={2022},
  publisher={Emerald Publishing Limited}
}
@article{wang2020mobile,
  title={Mobile payment and informal business: Evidence from China's household panel data},
  author={Wang, Xue},
  journal={China \& World Economy},
  volume={28},
  number={3},
  pages={90--115},
  year={2020},
  publisher={Wiley Online Library}
}
@inproceedings{rybakovas2022financial,
  title={Financial Innovation for Financial Inclusion: Mapping Potential Access to Finance},
  author={Rybakovas, Egidijus and Zigiene, Gerda},
  booktitle={European Conference on Innovation and Entrepreneurship},
  volume={17},
  number={1},
  pages={451--457},
  year={2022}
}
@article{dahne2015smartphone,
  title={Smartphone and mobile application utilization prior to and following treatment among individuals enrolled in residential substance use treatment},
  author={Dahne, Jennifer and Lejuez, Carl W},
  journal={Journal of substance abuse treatment},
  volume={58},
  pages={95--99},
  year={2015},
  publisher={Elsevier}
}
@article{zhang2023entertainment,
  title={Entertainment apps, limited attention and investment performance},
  author={Zhang, Yingxin and Du, Yijing and Li, Yan},
  journal={Frontiers in Psychology},
  volume={14},
  pages={1118797},
  year={2023},
  publisher={Frontiers Media SA}
}
@article{biorn2020empirical,
  title={An empirical investigation of performance overhead in cross-platform mobile development frameworks},
  author={Bi{\o}rn-Hansen, Andreas and Rieger, Christoph and Gr{\o}nli, Tor-Morten and Majchrzak, Tim A and Ghinea, Gheorghita},
  journal={Empirical Software Engineering},
  volume={25},
  pages={2997--3040},
  year={2020},
  publisher={Springer}
}
@article{wasilewski2021comparison,
  title={A comparison of java, flutter and kotlin/native technologies for sensor data-driven applications},
  author={Wasilewski, Kamil and Zabierowski, Wojciech},
  journal={Sensors},
  volume={21},
  number={10},
  pages={3324},
  year={2021},
  publisher={MDPI}
}
@inproceedings{coppola2019characterizing,
  title={Characterizing the transition to kotlin of android apps: a study on f-droid, play store, and github},
  author={Coppola, Riccardo and Ardito, Luca and Torchiano, Marco},
  booktitle={Proceedings of the 3rd ACM SIGSOFT International Workshop on App Market Analytics},
  pages={8--14},
  year={2019}
}
@inproceedings{prasetia2023development,
  title={Development of FASIH Application for the Badan Pusat Statistisk using Flutter Framework},
  author={Prasetia, Riofebri Prasetia and Maghfiroh, Lutfi Rahmatuti Maghfiroh},
  booktitle={Proceedings of The International Conference on Data Science and Official Statistics},
  pages={798--809},
  year={2023}
}
@article{ardito2020effectiveness,
  title={Effectiveness of Kotlin vs. Java in android app development tasks},
  author={Ardito, Luca and Coppola, Riccardo and Malnati, Giovanni and Torchiano, Marco},
  journal={Information and Software Technology},
  volume={127},
  pages={106374},
  year={2020},
  publisher={Elsevier}
}
@misc{Meiller_2022, title={FLUTTER: THE FUTURE OF APPLICATION DEVELOPMENT?}, url={https://www.iadisportal.org/digital-library/flutter-the-future-of-application-development}, author={Meiller, Dieter}, year={2022} }
@article{banker1998software,
  title={Software development practices, software complexity, and software maintenance performance: A field study},
  author={Banker, Rajiv D and Davis, Gordon B and Slaughter, Sandra A},
  journal={Management science},
  volume={44},
  number={4},
  pages={433--450},
  year={1998},
  publisher={INFORMS}
}
@article{graziotin2014happy,
  title={Happy software developers solve problems better: psychological measurements in empirical software engineering},
  author={Graziotin, Daniel and Wang, Xiaofeng and Abrahamsson, Pekka},
  journal={PeerJ},
  volume={2},
  pages={e289},
  year={2014},
  publisher={PeerJ Inc.}
}
@article{agrawal2007software,
  title={Software effort, quality, and cycle time: A study of CMM level 5 projects},
  author={Agrawal, Manish and Chari, Kaushal},
  journal={IEEE Transactions on software engineering},
  volume={33},
  number={3},
  pages={145--156},
  year={2007},
  publisher={IEEE}
}
@article{graziotin2018happens,
  title={What happens when software developers are (un) happy},
  author={Graziotin, Daniel and Fagerholm, Fabian and Wang, Xiaofeng and Abrahamsson, Pekka},
  journal={Journal of Systems and Software},
  volume={140},
  pages={32--47},
  year={2018},
  publisher={Elsevier}
}
@misc{jetbrains2022,
    author = "{JetBrains}",
    title = "{Cross-platform mobile frameworks used by software developers worldwide from 2019 to 2022 [Graph]}",
    year = "2022",
    howpublished = "\url{https://www.statista.com/statistics/869224/worldwide-software-developer-working-hours/}",
    note = "[Online; accessed 16-July-2022]"
}
@misc{statista2023,
    author = "{Statista}",
    title = "{Number of mobile app downloads worldwide from 2019 to 2027, by segment (in million downloads) [Graph]}",
    year = "2023",
    howpublished = "\url{https://www.statista.com/forecasts/1262881/mobile-app-download-worldwide-by-segment}",
    note = "[Online; accessed 19-October-2023]"
}
@article{raffles1817history,
  title={THE HISTORY OF JAVA.},
  author={RAFFLES, THOS STAMFORD},
  journal={The Monthly Magazine},
  volume={43},
  number={300},
  pages={598--622},
  year={1817},
  publisher={Printed for R. Phillips}
}@article{pinto2015large,
  title={A large-scale study on the usage of Javaâ€™s concurrent programming constructs},
  author={Pinto, Gustavo and Torres, Weslley and Fernandes, Benito and Castor, Fernando and Barros, Roberto SM},
  journal={Journal of Systems and Software},
  volume={106},
  pages={59--81},
  year={2015},
  publisher={Elsevier}
}
@inproceedings{li2016accessing,
  title={Accessing inaccessible android apis: An empirical study},
  author={Li, Li and Bissyand{\'e}, Tegawend{\'e} F and Le Traon, Yves and Klein, Jacques},
  booktitle={2016 IEEE International Conference on Software Maintenance and Evolution (ICSME)},
  pages={411--422},
  year={2016},
  organization={IEEE}
}
@article{king2020history,
  title={A history of the groovy programming language},
  author={King, Paul},
  journal={Proceedings of the ACM on Programming Languages},
  volume={4},
  number={HOPL},
  pages={1--53},
  year={2020},
  publisher={ACM New York, NY, USA}
}
@inproceedings{li2022mapping,
  title={Mapping Modern JVM Language Code to Analysis-friendly Graphs: A Pilot Study with Kotlin.},
  author={Li, Lu and Liu, Yan},
  booktitle={SEKE},
  pages={67--72},
  year={2022}
}
@article{kartinah2023android,
  title={ANDROID-BASED HEALTH POST MANAGEMENT APPLICATION DESIGN CLINICS IN INDONESIA},
  author={Kartinah, Dwi},
  journal={International Journal Science and Technology},
  volume={2},
  number={2},
  pages={36--41},
  year={2023}
}
@inproceedings{bouchemal2020scream,
  title={Scream to Survive (S2S): Intelligent System to Life-Saving in Disasters Relief},
  author={Bouchemal, Nardjes and Serrar, Aissa and Bouzeraa, Yehya and Bouchmemal, Naila},
  booktitle={Machine Learning for Networking: Second IFIP TC 6 International Conference, MLN 2019, Paris, France, December 3--5, 2019, Revised Selected Papers 2},
  pages={414--430},
  year={2020},
  organization={Springer}
}

@article{ernawati2021android,
  title={Android-Based Quran Application On The Flutter Framework By Using The Fountain Model},
  author={Ernawati, Siti and Wati, Risa},
  journal={Jurnal Riset Informatika},
  volume={3},
  number={2},
  pages={195--202},
  year={2021}
}
@article{pratama2021pengembangan,
  title={Pengembangan Sistem Informasi Akademik Berbasis Mobile Menggunakan Flutter Di Universitas Narotama Surabaya},
  author={Pratama, Ardhya Pandu and Kamisutara, Made},
  journal={Jurnal Ilmiah NERO},
  volume={6},
  number={2},
  pages={145--160},
  year={2021},
  publisher={Universitas Trunojoyo}
}
@article{hegedHus2022static,
  title={Static code analysis alarms filtering reloaded: A new real-world dataset and its ML-based utilization},
  author={Heged{\H{u}}s, P{\'e}ter and Ferenc, Rudolf},
  journal={IEEE Access},
  volume={10},
  pages={55090--55101},
  year={2022},
  publisher={IEEE}
}
@article{mazuera2022taxonomy,
  title={Taxonomy of security weaknesses in Java and Kotlin Android apps},
  author={Mazuera-Rozo, Alejandro and Escobar-Vel{\'a}squez, Camilo and Espitia-Acero, Juan and Vega-Guzm{\'a}n, David and Trubiani, Catia and Linares-V{\'a}squez, Mario and Bavota, Gabriele},
  journal={Journal of systems and software},
  volume={187},
  pages={111233},
  year={2022},
  publisher={Elsevier}
}
@inproceedings{hecht2015detecting,
  title={Detecting antipatterns in android apps},
  author={Hecht, Geoffrey and Rouvoy, Romain and Moha, Naouel and Duchien, Laurence},
  booktitle={2015 2nd ACM international conference on mobile software engineering and systems},
  pages={148--149},
  year={2015},
  organization={IEEE}
}
@article{lamothe2020a3,
  title={A3: Assisting android api migrations using code examples},
  author={Lamothe, Maxime and Shang, Weiyi and Chen, Tse-Hsun Peter},
  journal={IEEE Transactions on Software Engineering},
  volume={48},
  number={2},
  pages={417--431},
  year={2020},
  publisher={IEEE}
}
@inproceedings{flauzino2018you,
  title={Are you still smelling it? A comparative study between Java and Kotlin language},
  author={Flauzino, Matheus and Ver{\'\i}ssimo, J{\'u}lio and Terra, Ricardo and Cirilo, Elder and Durelli, Vinicius HS and Durelli, Rafael S},
  booktitle={Proceedings of the VII Brazilian symposium on software components, architectures, and reuse},
  pages={23--32},
  year={2018}
}
@inproceedings{oliveira2020adoption,
  title={On the adoption of kotlin on android development: A triangulation study},
  author={Oliveira, Victor and Teixeira, Leopoldo and Ebert, Felipe},
  booktitle={2020 IEEE 27th International Conference on Software Analysis, Evolution and Reengineering (SANER)},
  pages={206--216},
  year={2020},
  organization={IEEE}
}
@inproceedings{mamunimproving,
  title={Improving code smell predictions in continuous integration by differentiating organic from cumulative measures},
  author={Mamun, MAA and Staron, Miroslaw and Berger, Christian and Hebig, Regina and Hansson, J{\"o}rgen},
  booktitle={The Fifth International Conference on Advances and Trends in Software Engineering},
  pages={62--71}
}
@inproceedings{marcilio2019static,
  title={Are static analysis violations really fixed? a closer look at realistic usage of sonarqube},
  author={Marcilio, Diego and Bonif{\'a}cio, Rodrigo and Monteiro, Eduardo and Canedo, Edna and Luz, Welder and Pinto, Gustavo},
  booktitle={2019 IEEE/ACM 27th International Conference on Program Comprehension (ICPC)},
  pages={209--219},
  year={2019},
  organization={IEEE}
}
@article{onyenweaku2021sonarqube,
  title={A sonarqube static analysis of the spectral workbench},
  author={Onyenweaku, Ifeanyi Rowland and Brown, Michael Scott and Pelosi, Michael and Shahine, MH},
  journal={International Journal of Natural Science and Reviews},
  volume={6},
  number={16},
  pages={1--15},
  year={2021}
}
@misc{stiernborg2019automated,
  title={Automated Code Inspection: Investigating Deployment of Continuous Inspection},
  author={Stiernborg, Sebastian},
  year={2019}
}
@inproceedings{soh2016code,
  title={Do code smells impact the effort of different maintenance programming activities?},
  author={Soh, Z{\'e}phyrin and Yamashita, Aiko and Khomh, Foutse and Gu{\'e}h{\'e}neuc, Yann-Ga{\"e}l},
  booktitle={2016 IEEE 23Rd international conference on software analysis, evolution, and reengineering (SANER)},
  volume={1},
  pages={393--402},
  year={2016},
  organization={IEEE}
}
@inproceedings{corral2015better,
  title={Better code for better apps: A study on source code quality and market success of android applications},
  author={Corral, Luis and Fronza, Ilenia},
  booktitle={2015 2nd ACM International Conference on Mobile Software Engineering and Systems},
  pages={22--32},
  year={2015},
  organization={IEEE}
}
@inproceedings{tufano2015and,
  title={When and why your code starts to smell bad},
  author={Tufano, Michele and Palomba, Fabio and Bavota, Gabriele and Oliveto, Rocco and Di Penta, Massimiliano and De Lucia, Andrea and Poshyvanyk, Denys},
  booktitle={2015 IEEE/ACM 37th IEEE International Conference on Software Engineering},
  volume={1},
  pages={403--414},
  year={2015},
  organization={IEEE}
}
@article{alkhaeir2020effect,
  title={The effect of code smells on the relationship between design patterns and defects},
  author={Alkhaeir, Tarek and Walter, Bartosz},
  journal={IEEE Access},
  volume={9},
  pages={3360--3373},
  year={2020},
  publisher={IEEE}
}
@inproceedings{han2021understanding,
  title={Understanding code smell detection via code review: A study of the openstack community},
  author={Han, Xiaofeng and Tahir, Amjed and Liang, Peng and Counsell, Steve and Luo, Yajing},
  booktitle={2021 IEEE/ACM 29th International Conference on Program Comprehension (ICPC)},
  pages={323--334},
  year={2021},
  organization={IEEE}
}
@inproceedings{cheon2021converting,
  title={Converting Android native apps to Flutter cross-platform apps},
  author={Cheon, Yoonsik and Chavez, Carlos},
  booktitle={2021 International conference on computational science and computational intelligence (CSCI)},
  pages={1898--1904},
  year={2021},
  organization={IEEE}
}
@article{nawrocki2021comparison,
  title={A comparison of native and cross-platform frameworks for mobile applications},
  author={Nawrocki, Piotr and Wrona, Krzysztof and Marczak, Mateusz and Sniezynski, Bartlomiej},
  journal={Computer},
  volume={54},
  number={3},
  pages={18--27},
  year={2021},
  publisher={IEEE}
}
@misc{bloc, url={https://bloclibrary.dev}, journal={Bloc} }
@misc{getX, url={https://chornthorn.github.io/getx-docs/} }
@misc{provider, url={https://pub.dev/packages/provider}, journal={Dart packages} }
@book{martin2009clean,
  title={Clean code: a handbook of agile software craftsmanship},
  author={Martin, Robert C},
  year={2009},
  publisher={Pearson Education}
}

@misc{Sewak_2023, title={MVVM Architecture in Android using Kotlin: A Practical Guide}, url={https://medium.com/@jecky999/mvvm-architecture-in-android-using-kotlin-a-practical-guide-73f8de1d9c58}, journal={Medium}, author={Sewak, Jaykishan}, year={2023}, month={Jun} }

@misc{flutter_sonar, title={GitHub - insideapp-oss/sonar-flutter: SonarQube plugin for Flutter / Dart}, url={https://github.com/insideapp-oss/sonar-flutter}, journal={GitHub}, author={Insideapp-Oss} }

@misc{sonarQube, url={https://docs.sonarsource.com/sonarqube/latest/extension-guide/web-api/}, journal={Sonar Docs} }
@inproceedings{lenarduzzi2019technical,
  title={The technical debt dataset},
  author={Lenarduzzi, Valentina and Saarim{\"a}ki, Nyyti and Taibi, Davide},
  booktitle={Proceedings of the fifteenth international conference on predictive models and data analytics in software engineering},
  pages={2--11},
  year={2019}
}
@article{tan2021evolution,
  title={Evolution of technical debt remediation in Python: A case study on the Apache Software Ecosystem},
  author={Tan, Jie and Feitosa, Daniel and Avgeriou, Paris and Lungu, Mircea},
  journal={Journal of Software: Evolution and Process},
  volume={33},
  number={4},
  pages={e2319},
  year={2021},
  publisher={Wiley Online Library}
}

@article{kawuma2022empirical,
  title={An empirical study of bugs in eclipse stable internal interfaces},
  author={Kawuma, Simon and Nabaasa, Evarist},
  journal={arXiv preprint arXiv:2203.09134},
  year={2022}
}
@article{saborido2022automatizing,
  title={Automatizing software cognitive complexity reduction},
  author={Saborido, Rub{\'e}n and Ferrer, Javier and Chicano, Francisco and Alba, Enrique},
  journal={IEEE Access},
  volume={10},
  pages={11642--11656},
  year={2022},
  publisher={IEEE}
}

@inproceedings{tollin2017change,
  title={Change prediction through coding rules violations},
  author={Tollin, Irene and Fontana, Francesca Arcelli and Zanoni, Marco and Roveda, Riccardo},
  booktitle={Proceedings of the 21st international conference on evaluation and assessment in software engineering},
  pages={61--64},
  year={2017}
}
@article{guamansonarqube,
  title={SonarQube as a Tool to Identify Software Metrics and Technical Debt},
  author={Guaman, Daniel and Barba-Guam{\'a}n, Paola Cabrera}
}
@misc{Docker, url={https://docker.com}, journal={Docker}, year={2024}, month={May} }